% DDAD

@article{millman2012degree,
  title={Degree-Driven Design of Geometric Algorithms for Point Location, Proximity, and Volume Calculation},
  author={Millman, David L},
  year={2012},
  publisher={University of North Carolina}
}

% Real-RAM

@article{preparata1977convex,
  title={Convex hulls of finite sets of points in two and three dimensions},
  author={Preparata, Franco P. and Hong, Se June},
  journal={Communications of the ACM},
  volume={20},
  number={2},
  pages={87--93},
  year={1977},
  publisher={ACM}
}

% Dutch book

@article{de2000computational,
  title={Computational geometry},
  author={De Berg, Mark and Van Kreveld, Marc and Overmars, Mark and Schwarzkopf, Otfried Cheong},
  journal={Computational Geometry},
  pages={1--17},
  year={2000},
  publisher={Springer Berlin Heidelberg}
}

% Algorithms

@article{melkman1987line,
  title={On-line construction of the convex hull of a simple polyline},
  author={Melkman, Avraham A},
  journal={Information Processing Letters},
  volume={25},
  number={1},
  pages={11--12},
  year={1987},
  publisher={Elsevier}
}

% Algorithm visualization

@article{price1993principled,
  title={A principled taxonomy of software visualization},
  author={Price, Blaine A and Baecker, Ronald M and Small, Ian S},
  journal={Journal of Visual Languages \& Computing},
  volume={4},
  number={3},
  pages={211--266},
  year={1993},
  publisher={Elsevier}
}

@article{demetrescu2002specifying,
  title={Specifying Algorithm Visualizations: Interesting Events or State Mapping?},
  author={Demetrescu, Camil and Finocchi, Irene and Stasko, John T},
  journal={Software Visualization},
  pages={16--30},
  year={2002},
  publisher={Springer Berlin Heidelberg}
}

@book{StaskoDomingueEtAl1998,
  address = {Cambridge, MA},
  editor = {Stasko, John and Domingue, John and Brown, Marc H. and Price, Blaine A.},
  publisher = {MIT Press},
  title = {Software Visualization: Programming as a Multimedia Experience},
  year = 1998
}

@book{diehl2007software,
  title={Software visualization: visualizing the structure, behaviour, and evolution of software},
  author={Diehl, Stephan},
  year={2007},
  publisher={Springer}
}

@article{stasko1990tango,
  title={Tango: A framework and system for algorithm animation},
  author={Stasko, John Thomas},
  journal={Computer},
  volume={23},
  number={9},
  pages={27--39},
  year={1990},
  publisher={IEEE}
}

@article{stasko1992animating,
  title={Animating algorithms with XTANGO},
  author={Stasko, John},
  journal={ACM SIGACT News},
  volume={23},
  number={2},
  pages={67--71},
  year={1992},
  publisher={ACM}
}

@article{stasko1995polka,
  title={POLKA animation designer’s package},
  author={Stasko, John},
  journal={Lite Version},
  pages={30332--0280},
  year={1995}
}

@article{stasko1995samba,
  title={SAMBA Animation Designer's Package},
  author={Stasko, John T},
  journal={Graphics, Visualization, and Usability Center, Georgia Institute of Technology, Atlanta, GA},
  year={1995}
}

@inproceedings{brown1984system,
 author = {Brown, Marc H. and Sedgewick, Robert},
 title = {A system for algorithm animation},
 booktitle = {Proceedings of the 11th annual conference on Computer graphics and interactive techniques},
 series = {SIGGRAPH '84},
 year = {1984},
 pages = {177--186},
 numpages = {10},
 url = {http://doi.acm.org/10.1145/800031.808596},
 publisher = {ACM},
 address = {New York, NY, USA},
} 

% Workbench systems

@inproceedings{ericson1988design,
  title={The design of LINETOOL, a geometric editor},
  author={Ericson, Lars Warren and Yap, Chee-Keng},
  booktitle={Proceedings of the fourth annual symposium on Computational geometry},
  pages={83--92},
  year={1988},
  organization={ACM}
}

@inproceedings{mehlhorn1989leda,
  title={LEDA a library of efficient data types and algorithms},
  author={Mehlhorn, Kurt and N{\"a}her, Stefan},
  booktitle={Mathematical Foundations of Computer Science 1989},
  pages={88--106},
  year={1989},
  organization={Springer}
}

@incollection{fabri1996cgal,
  title={The CGAL kernel: A basis for geometric computation},
  author={Fabri, Andreas and Giezeman, Geert-Jan and Kettner, Lutz and Schirra, Stefan and Sch{\"o}nherr, Sven},
  booktitle={Applied Computational Geometry Towards Geometric Engineering},
  pages={191--202},
  year={1996},
  publisher={Springer}
}

@incollection{overmars1996designing,
  title={Designing the computational geometry algorithms library CGAL},
  author={Overmars, Mark H},
  booktitle={Applied computational geometry towards geometric engineering},
  pages={53--58},
  year={1996},
  publisher={Springer}
}

@article{fabri1998design,
  title={On the design of CGAL, the computational geometry algorithms library},
  author={Fabri, Andreas and Giezeman, Geert-Jan and Kettner, Lutz and Schirra, Stefan and Sch{\"o}nherr, Sven and others},
  year={1998}
}

@article{forrest1987computational,
  title={Computational geometry and software engineering: Towards a geometric computing environment},
  author={Forrest, A Robin},
  journal={Techniques for Computer Graphics},
  pages={23--37},
  year={1987},
  publisher={Springer-Verlag, New York}
}

@incollection{forrest1988geometric,
  title={Geometric Computing Environments},
  author={Forrest, AR},
  booktitle={Theoretical foundations of computer graphics and CAD},
  pages={185--197},
  year={1988},
  publisher={Springer}
}

@inproceedings{schorn1991implementing,
  title={Implementing the XYZ GeoBench: A programming environment for geometric algorithms},
  author={Schorn, Peter},
  booktitle={Computational Geometry-Methods, Algorithms and Applications},
  pages={187--202},
  year={1991},
  organization={Springer}
}

@phdthesis{schorn1991robust,
  title={Robust algorithms in a program library for geometric computation},
  author={Schorn, Peter},
  year={1991},
  school={Diss. Techn. Wiss. ETH Z{\"u}rich, Nr. 9519, 1991. Ref.: J. Nievergelt; Korref.: G. Gonnet}
}

@inproceedings{de1993animation,
  title={Animation of geometric algorithms using GeoLab},
  author={de Rezende, P and Jacometti, W},
  booktitle={Proceedings of the ninth annual symposium on Computational geometry},
  pages={401--402},
  year={1993},
  organization={ACM}
}

@inproceedings{de1993geolab,
  title={GeoLab: An Environment for Development of Algorithms in Computational Geometry.},
  author={de Rezende, Pedro Jussieu and Jacometti, Welson R},
  booktitle={CCCG},
  pages={175--180},
  year={1993}
}

@article{phillips1993geomview,
  title={Geomview: An interactive geometry viewer},
  author={Phillips, Mark and Levy, Silvio and Munzner, Tamara},
  journal={Notices of the American Mathematical Society},
  volume={40},
  number={8},
  pages={985--988},
  year={1993}
}

@article{epstein1994workbench,
  title={A workbench for computational geometry},
  author={Epstein, Peter and Kavanagh, J and Knight, A and May, J and Nguyen, T and Sack, J-R},
  journal={Algorithmica},
  volume={11},
  number={4},
  pages={404--428},
  year={1994},
  publisher={Springer}
}

@article{hanson1994interactive,
  title={Interactive methods for visualizable geometry},
  author={Hanson, Andrew J and Munzner, Tamara and Francis, George},
  journal={IEEE Computer},
  volume={27},
  number={7},
  pages={73--83},
  year={1994},
  publisher={Citeseer}
}

@inproceedings{amenta1995geomview,
  title={Geomview: A system for geometric visualization},
  author={Amenta, Nina and Levy, Stuart and Munzner, Tamara and Phillips, Mark},
  booktitle={Proceedings of the eleventh annual symposium on Computational geometry},
  pages={412--413},
  year={1995},
  organization={ACM}
}

@article{tal1995visualization,
  title={Visualization of geometric algorithms},
  author={Tal, Ayellet and Dobkin, David},
  journal={Visualization and Computer Graphics, IEEE Transactions on},
  volume={1},
  number={2},
  pages={194--204},
  year={1995},
  publisher={IEEE}
}

@inproceedings{tamassia1997case,
  title={A case study in algorithm engineering for geometric computing},
  author={Tamassia, Roberto and Vismara, Luca and Baker, James E},
  booktitle={Proc. Workshop on Algorithm Engineering},
  pages={136--145},
  year={1997}
}

@inproceedings{shneerson1997gasp,
  title={GASP-II: a geometric algorithm animation system for an electronic classroom},
  author={Shneerson, Maria and Tal, Ayellet},
  booktitle={Proceedings of the thirteenth annual symposium on Computational geometry},
  pages={379--381},
  year={1997},
  organization={ACM}
}

@inproceedings{shneerson1997visualization,
  title={Visualization of geometric algorithms in an electronic classroom},
  author={Shneerson, Maria and Tal, Ayellet},
  booktitle={Proceedings of the 8th conference on Visualization'97},
  pages={455--ff},
  year={1997},
  organization={IEEE Computer Society Press}
}

@article{hausner1997making,
  title={Making geometry visible: An introduction to the animation of geometric algorithms},
  author={Hausner, Alejo and Dobkin, David P},
  year={1997},
  publisher={Citeseer}
}

@inproceedings{hausner1998gawain,
  title={GAWAIN: visualizing geometric algorithms with Web-based animation},
  author={Hausner, Alejo and Dobkin, David P},
  booktitle={Proceedings of the fourteenth annual symposium on Computational geometry},
  pages={411--412},
  year={1998},
  organization={ACM}
}

@article{hausner1999animation,
  title={Animation of Geometric Algorithms},
  author={Hausner, Alejo and Dobkin, David P},
  journal={Handbook of Computational Geometry},
  pages={389},
  year={1999},
  publisher={Elsevier}
}

@article{baker1999visualizing,
  title={Visualizing geometric algorithms over the Web},
  author={Baker, James E and Cruz, Isabel F and Liotta, Giuseppe and Tamassia, Roberto},
  journal={Computational Geometry},
  volume={12},
  number={1},
  pages={125--152},
  year={1999},
  publisher={Elsevier}
}

@incollection{demetrescu2001visualizing,
  title={Visualizing Algorithms over the Web with the Publication-driven Approach},
  author={Demetrescu, Camil and Finocchi, Irene and Liotta, Giuseppe},
  booktitle={Algorithm Engineering},
  pages={147--158},
  year={2001},
  publisher={Springer}
}

@incollection{basken2002geowin,
  title={Geowin a generic tool for interactive visualization of geometric algorithms},
  author={B{\"a}sken, Matthias and N{\"a}her, Stefan},
  booktitle={Software Visualization},
  pages={88--100},
  year={2002},
  publisher={Springer}
}

@article{wei2009geobuilder,
  title={GeoBuilder: A geometric algorithm visualization and debugging system for 2D and 3D geometric computing},
  author={Wei, Jyh-Da and Tsai, Ming-Hung and Lee, Gen-Cher and Huang, Jeng-Hung and Lee, Der-Tsai},
  journal={Visualization and Computer Graphics, IEEE Transactions on},
  volume={15},
  number={2},
  pages={234--248},
  year={2009},
  publisher={IEEE}
}


